% %intro
@article{4_shaheen1999short,
  title={A Short History of Carsharing in the 90's},
  author={Shaheen, Susan A and Sperling, Daniel and Wagner, Conrad},
  year={1999}
}

@article{5_shaheen1998carsharing,
  title={Carsharing in Europe and North American: past, present, and future},
  author={Shaheen, Susan and Sperling, Daniel and Wagner, Conrad},
  year={1998}
}

@article{8_matas2008changes,
  title={Changes in the structure of car ownership in Spain},
  author={Matas, Anna and Raymond, Josep-LLuis},
  journal={Transportation Research Part A: Policy and Practice},
  volume={42},
  number={1},
  pages={187--202},
  year={2008},
  publisher={Elsevier}
}

@article{10_sweet2011does,
  title={Does traffic congestion slow the economy?},
  author={Sweet, Matthias},
  journal={Journal of Planning Literature},
  volume={26},
  number={4},
  pages={391--404},
  year={2011},
  publisher={Sage Publications Sage CA: Los Angeles, CA}
}

@article{12_leiriao2020environmental,
  title={Environmental and public health effects of vehicle emissions in a large metropolis: Case study of a truck driver strike in Sao Paulo, Brazil},
  author={Leiri{\~a}o, Luciana and Debone, Daniela and Pauliquevis, Theotonio and Ros{\'a}rio, Nilton and Miraglia, Simone},
  journal={Atmospheric Pollution Research},
  year={2020},
  publisher={Elsevier}
}

@article{13_levy2010evaluation,
  title={Evaluation of the public health impacts of traffic congestion: a health risk assessment},
  author={Levy, Jonathan I and Buonocore, Jonathan J and Von Stackelberg, Katherine},
  journal={Environmental health},
  volume={9},
  number={1},
  pages={65},
  year={2010},
  publisher={Springer}
}

@article{14_mehdi2011spatio,
  title={Spatio-temporal patterns of road traffic noise pollution in Karachi, Pakistan},
  author={Mehdi, Mohammed Raza and Kim, Minho and Seong, Jeong Chang and Arsalan, Mudassar Hassan},
  journal={Environment international},
  volume={37},
  number={1},
  pages={97--104},
  year={2011},
  publisher={Elsevier}
}

@article{15_jacyna2017noise,
  title={Noise and environmental pollution from transport: decisive problems in developing ecologically efficient transport systems},
  author={Jacyna, Marianna and Wasiak, Mariusz and Lewczuk, Konrad and Karo{\'n}, Grzegorz},
  journal={Journal of Vibroengineering},
  volume={19},
  number={7},
  pages={5639--5655},
  year={2017},
  publisher={JVE International Ltd.}
}

@article{16_hymel2010induced,
  title={Induced demand and rebound effects in road transport},
  author={Hymel, Kent M and Small, Kenneth A and Van Dender, Kurt},
  journal={Transportation Research Part B: Methodological},
  volume={44},
  number={10},
  pages={1220--1241},
  year={2010},
  publisher={Elsevier}
}

@article{17_naess2012traffic,
  title={Traffic forecasts ignoring induced demand: a shaky fundament for cost-benefit analyses},
  author={N{\ae}ss, Petter and Nicolaisen, Morten Skou and Strand, Arvid},
  journal={European Journal of Transport and Infrastructure Research},
  volume={12},
  number={3},
  year={2012}
}

@article{18_jittrapirom2017mobility,
  title={Mobility as a service: A critical review of definitions, assessments of schemes, and key challenges},
  author={Jittrapirom, Peraphan and Caiati, Valeria and Feneri, A-M and Ebrahimigharehbaghi, Shima and Alonso Gonz{\'a}lez, Mar{\'\i}a J and Narayan, Jishnu},
  year={2017}
}


%%INTRO PT2 - CS benefits and EVs

@article{1_fellows2000economic,
	title={An economic and operational evaluation of urban car-sharing},
	author={Fellows, NT and Pitfield, DE},
	journal={Transportation Research Part D: Transport and Environment},
	volume={5},
	number={1},
	pages={1--10},
	year={2000},
	publisher={Elsevier}
}

@article{2_huwer2004public,
	title={Public transport and csar-sharing—benefits and effects of combined services},
	author={Huwer, Ulrike},
	journal={Transport Policy},
	volume={11},
	number={1},
	pages={77--87},
	year={2004},
	publisher={Elsevier}
}


@article{3_oxley2012pollution,
	title={Pollution abatement from road transport: cross-sectoral implications, climate co-benefits and behavioural change},
	author={Oxley, T and Elshkaki, A and Kwiatkowski, L and Castillo, A and Scarbrough, T and ApSimon, H},
	journal={Environmental Science \& Policy},
	volume={19},
	pages={16--32},
	year={2012},
	publisher={Elsevier}
}

@article{4_mao2012achieving,
	title={Achieving CO2 emission reduction and the co-benefits of local air pollution abatement in the transportation sector of China},
	author={Mao, Xianqiang and Yang, Shuqian and Liu, Qin and Tu, Jianjun and Jaccard, Mark},
	journal={Environmental science \& policy},
	volume={21},
	pages={1--13},
	year={2012},
	publisher={Elsevier}
}

@article{6_rabbitt2013study,
	title={A study of feasibility and potential benefits of organised car sharing in Ireland},
	author={Rabbitt, Niamh and Ghosh, Bidisha},
	journal={Transportation Research Part D: Transport and Environment},
	volume={25},
	pages={49--58},
	year={2013},
	publisher={Elsevier}
}

@article{7_firnkorn2015free,
	title={Free-floating electric carsharing-fleets in smart cities: The dawning of a post-private car era in urban environments?},
	author={Firnkorn, J{\"o}rg and M{\"u}ller, Martin},
	journal={Environmental Science \& Policy},
	volume={45},
	pages={30--40},
	year={2015},
	publisher={Elsevier}
}

@article{8_wu2016impact,
	title={Impact of shared economy on urban sustainability: From the perspective of social, economic, and environmental sustainability},
	author={Wu, Xuemei and Zhi, Qiang},
	journal={Energy Procedia},
	volume={104},
	pages={191--196},
	year={2016},
	publisher={Elsevier}
}

@article{9_jochem2020does,
	title={Does free-floating carsharing reduce private vehicle ownership? The case of SHARE NOW in European cities},
	author={Jochem, Patrick and Frankenhauser, Dominik and Ewald, Lukas and Ensslen, Axel and Fromm, Hansj{\"o}rg},
	journal={Transportation Research Part A: Policy and Practice},
	volume={141},
	pages={373--395},
	year={2020},
	publisher={Elsevier}
}








%% CHAP3 UMAP BIB
@misc{car2goAPI,
  title = {car2go API},
  howpublished = {\url{https://github.com/car2go/openAPI}},
  note = {Accessed: 10/03/2017}
}

@inproceedings{Herrmann2014,
  title={Increasing acceptance of free-floating car sharing systems using smart relocation strategies: a survey based study of car2go Hamburg},
  author={Herrmann, Sascha and Schulte, Frederik and Vo{\ss}, Stefan},
  booktitle={International Conference on Computational Logistics},
  pages={151--162},
  year={2014},
  organization={Springer}
}

@article{Schulte2015,
  title={Decision support for environmental-friendly vehicle relocations in free-floating car sharing systems: The case of car2go},
  author={Schulte, Frederik and Vo{\ss}, Stefan},
  journal={Procedia CIRP},
  volume={30},
  pages={275--280},
  year={2015},
  publisher={Elsevier}
}

@inproceedings{Wagner2015, 
 author={S. Wagner and T. Brandt and D. Neumann}, 
 booktitle={2015 48th Hawaii International Conference on System Sciences}, 
 title={Data Analytics in Free-Floating Carsharing: Evidence from the City of Berlin}, 
 year={2015}, 
 pages={897-907}, 
 keywords={data analysis;geographic information systems;traffic engineering computing;City of  Berlin;data analytics;free-floating car sharing;geographically weighted regression;global  market;public transport;vehicle ownership;zero-inflated regression;Biological system  modeling;Business;Cities and towns;Data models;Face;Vehicles;Carsharing;Data analysis;Decision  Support;Location-based services;Visualization}, 
 doi={10.1109/HICSS.2015.112}, 
 ISSN={1530-1605}, 
month={Jan}
}

@article{Schmoller2015,
 title = {Empirical analysis of free-floating carsharing usage: The Munich and Berlin case},
 journal = {Transportation Research Part C: Emerging Technologies},
 volume = {56},
 number = "",
 pages = {34 - 51},
 year = {2015},
 note = "",
 issn = {0968-090X},
 doi = {http://dx.doi.org/10.1016/j.trc.2015.03.008},
 url = {http://www.sciencedirect.com/science/article/pii/S0968090X1500087X},
 author = {Stefan Schmöller and Simone Weikl and Johannes Möller and Klaus Bogenberger},
 keywords = {Carsharing, Free-floating carsharing systems, Demand analysis, Mobility services, External influences}
}

@article{Kopp2015,
title = {Do sharing people behave differently? An empirical evaluation of the distinctive mobility patterns of free-floating car-sharing members},
author = {Kopp, Johanna and Gerike, Regine and Axhausen, Kay},
year = {2015},
journal = {Transportation},
volume = {42},
number = {3},
pages = {449-469},
keywords = {Free-floating car-sharing; DriveNow; Travel behaviour; Modal split; Multimodality; GPS tracking},
url = {http://EconPapers.repec.org/RePEc:kap:transp:v:42:y:2015:i:3:p:449-469},
publisher = {Springer}
}

@article{Firnkorn2011,
title = {What will be the environmental effects of new free-floating car-sharing systems? The case of car2go in Ulm},
journal = {Ecological Economics},
volume = {70},
number = {8},
pages = {1519--1528},
year = {2011},
issn = {0921-8009},
doi = {http://dx.doi.org/10.1016/j.ecolecon.2011.03.014},
url = {http://www.sciencedirect.com/science/article/pii/S0921800911001030},
author = {Jörg Firnkorn and Martin Müller},
keywords = {Car-sharing,Environmental effect,Free-floating system,Public-private transportation",Product-service system}
}

@article{Firnkorn2012,
title = {Triangulation of two methods measuring the impacts of a free-floating carsharing system in Germany},
journal = {Transportation Research Part A: Policy and Practice},
volume = {46},
number = {10},
pages = {1654 - 1672},
year = {2012},
note = "",
issn = {0965-8564},
doi = {http://dx.doi.org/10.1016/j.tra.2012.08.003},
url = {http://www.sciencedirect.com/science/article/pii/S0965856412001334},
author = {Jörg Firnkorn},
keywords = {Triangulation, Impact measurement, Free-floating carsharing system, Empirical study, Modal split, car2go}
}

@techreport{Wang2017,
  title={Complement or Competitior? Comparing car2go and Transit Travel Times, Prices, and Usage Patterns in Seattle},
  author={X. Wang and D. MacKenzie and Z. Cui},
  year={2017}
}

@article{Kortum2016,
  title={Free-Floating Carsharing: City-Specific Growth Rates and Success Factors},
  author={K. Kortum and R. Schönduwe, B. Stolte and B. Bock},
  journal={Transportation Research Procedia},
  volume={19},
  pages={328--340},
  year={2016},
  publisher={Elsevier}
}

@article{Tyndall2016,
  title={Where No Cars Go: Free-Floating Carshare and Inequality of Access},
  author={J. Tyndall},
  journal={International Journal of Sustainable Transportation},
  number={just-accepted},
  year={2016},
  publisher={Taylor \& Francis}
}

@article{Ciari2013,
  title={Estimation of carsharing demand using an activity-based microsimulation approach: model discussion and some results},
  author={F. Ciari and N. Schuessler and K. W. Axhausen},
  journal={International Journal of Sustainable Transportation},
  volume={7},
  number={1},
  pages={70--84},
  year={2013},
  publisher={Taylor \& Francis}
}

@article{Ferrero2016,
  title={Business models and tariff simulation in car-sharing services},
  author={F. Ferrero and G. Perboli and S. Musso and A. G. A. Vesco},
  year={2016},
  publisher={Politecnico di Torino}
}

#FFCS - 1W Comparison
@article{bardhi:12, 
title={Access-Based Consumption: The Case of Car Sharing: Table 1.}, 
volume={39}, 
DOI={10.1086/666376}, 
number={4}, 
journal={Journal of Consumer Research}, 
author={Bardhi, Fleura and Eckhardt, Giana M.}, 
year={2012}, 
month={Jan}, 
pages={881–898}}

@article{shaheen:16, 
title={Mobility and the Sharing Economy: Potential to Facilitate the First- and Last-Mile Public Transit Connections}, 
volume={42}, 
DOI={10.2148/benv.42.4.573}, 
number={4}, 
journal={Built Environment}, 
author={Shaheen, Susan and Chan, Nelson}, 
year={2016}, 
month={Jan}, 
pages={573–588}}

@article{barbosa:18,
  title={Human mobility: Models and applications},
  author={Barbosa, Hugo and Barthelemy, Marc and Ghoshal, Gourab and James, Charlotte R and Lenormand, Maxime and Louail, Thomas and Menezes, Ronaldo and Ramasco, Jos{\'e} J and Simini, Filippo and Tomasini, Marcello},
  journal={Physics Reports},
  year={2018},
  publisher={Elsevier}
}

@article{herrera:10,
  title={Evaluation of traffic data obtained via GPS-enabled mobile phones: The Mobile Century field experiment},
  author={Herrera, Juan C and Work, Daniel B and Herring, Ryan and Ban, Xuegang Jeff and Jacobson, Quinn and Bayen, Alexandre M},
  journal={Transportation Research Part C: Emerging Technologies},
  volume={18},
  number={4},
  pages={568--583},
  year={2010},
  publisher={Elsevier}
}

@inproceedings{boldrini:16,
  title={Characterising demand and usage patterns in a large station-based car sharing system},
  author={Boldrini, Chiara and Bruno, Raffaele and Conti, Marco},
  booktitle={proceedings of the IEEE Conference on Computer Communications Workshops (INFOCOM WKSHPS)},
  pages={572--577},
  year={2016}
  
}

@article{becker:17,
  title={Comparing car-sharing schemes in Switzerland: User groups and usage patterns},
  author={Becker, Henrik and Ciari, Francesco and Axhausen, Kay W},
  journal={Transportation Research Part A: Policy and Practice},
  volume={97},
  pages={17--29},
  year={2017},
  publisher={Elsevier}
}

@inproceedings{rooke:19,
  title={Characterizing Usage Patterns and Service Demand of a Two-Way Car-Sharing System},
  author={Rooke, Felipe and Alencar, Victor A. and Vieira, Alex B. and Almeida, Jussara M. and Idilio, Drago},
  booktitle={Big Social Data and Urban Computing},
  pages={01--15},
  year={2019},
  publisher={Springer Nature Switzerland AG}
}

@book{botsman:10,
  title={What's Mine Is Yours: The Rise of Collaborative Consumption},
  author={Botsman, R. and Rogers, R.},
  isbn={9780062014054},
  year={2010},
  publisher={HarperCollins}
}

@inproceedings{Ma:2013, 
    author={S. Ma and Y. Zheng and O. Wolfson}, 
    booktitle={proceedings of the IEEE Conference on Data Engineering (ICDE), 29th International Conference}, 
    title={T-share: A large-scale dynamic taxi ridesharing service}, 
    year={2013}, 
    pages={410-421}, 
    keywords={Global Positioning System;graph theory;mobile computing;road traffic;traffic engineering computing;GPS trajectory dataset;T-share;energy consumption;large-scale dynamic taxi ridesharing service;lazy shortest path calculation;scheduling algorithm;spatio-temporal distribution;spatio-temporal index;taxi searching algorithm;travel distance;Dynamic scheduling;Energy consumption;Heuristic algorithms;Indexes;Real-time systems;Roads;Schedules}, 
    doi={10.1109/ICDE.2013.6544843}, 
    ISSN={1063-6382}, 
    month={April},
}

@INPROCEEDINGS{ciociolaumap, 
author={A. Ciociola and M. Cocca and D. Giordano and M. Mellia and A. Morichetta and A. Putina and F. Salutari}, 
booktitle={proceedings of the IEEE Conference on SmartWorld, Ubiquitous Intelligence Computing, Advanced Trusted Computed, Scalable Computing Communications, Cloud Big Data Computing, Internet of People and Smart City Innovation (SmartWorld/SCALCOM/UIC/ATC/CBDCom/IOP/SCI)}, 
title={{UMAP}: Urban mobility analysis platform to harvest car sharing data}, 
year={2017}, 
volume={}, 
number={}, 
pages={1-8}, 
keywords={automobiles;data analysis;data mining;Internet;mobile computing;smart cities;smart phones;traffic engineering computing;smart cities;smartphone app;car sharing platforms;advanced information;usage data;smart city planners;Web platforms;urban mobility analysis platform;car sharing data harvesting;Web-based backend;information exchange;driving habit extraction;information extraction;analytics modules;Turin City;temporal properties;spatial properties;rentals;customer habit characterization;public transportation;driving style;Automobiles;Urban areas;Data mining;Crawlers;Google;Tools;Data acquisition}, 
doi={10.1109/UIC-ATC.2017.8397566}, 
ISSN={}, 
month={Aug},}

% @article{becker2017comparing,
%   title={Comparing car-sharing schemes in Switzerland: User groups and usage patterns},
%   author={Becker, Henrik and Ciari, Francesco and Axhausen, Kay W},
%   journal={Transportation Research Part A: Policy and Practice},
%   volume={97},
%   pages={17--29},
%   year={2017},
%   publisher={Elsevier}
% }

@article{shaheen2016mobility,
  title={Mobility and the sharing economy},
  journal={Transport Policy},
  volume={51},
  number={Supplement C},
  pages={141 - 142},
  year={2016},
  issn={0967-070X},
  doi= {https://doi.org/10.1016/j.tranpol.2016.01.008},
  url = {http://www.sciencedirect.com/science/article/pii/S0967070X16000020},
  author = {Susan A. Shaheen}
}

@article{harms1998emergence,
  title={The emergence of a nation-wide carsharing co-operative in Switzerland},
  author={Harms, Sylvia and Truffer, Bernard},
  journal={A case-study for the EC-supported rsearch project “Strategic Niche Management as a tool for transition to a sustainable transport system”, EAWAG: Z{\"u}rich},
  year={1998}
}

@book{millard2005car,
  title={Car-sharing: Where and how it succeeds},
  author={Millard-Ball, Adam},
  volume={108},
  year={2005},
  publisher={Transportation Research Board}
}


@article{ciari2014modeling,
  title={Modeling station-based and free-floating carsharing demand: test case study for Berlin},
  author={Ciari, Francesco and Bock, Benno and Balmer, Michael},
  journal={Transportation Research Record: Journal of the Transportation Research Board},
  number={2416},
  pages={37--47},
  year={2014},
  publisher={Transportation Research Board of the National Academies}
}

@article{stillwater2009carsharing,
  title={Carsharing and the built environment: Geographic information system-based study of one US operator},
  author={Stillwater, Tai and Mokhtarian, Patricia and Shaheen, Susan},
  journal={Transportation Research Record: Journal of the Transportation Research Board},
  number={2110},
  pages={27--34},
  year={2009},
  publisher={Transportation Research Board of the National Academies}
}

@article{burkhardt2006attracted,
  title={Who is attracted to carsharing?},
  author={Burkhardt, Jon and Millard-Ball, Adam},
  journal={Transportation Research Record: Journal of the Transportation Research Board},
  number={1986},
  pages={98--105},
  year={2006},
  publisher={Transportation Research Board of the National Academies}
}

@article{cervero2004city,
  title={City CarShare in San Francisco, California: second-year travel demand and car ownership impacts},
  author={Cervero, Robert and Tsai, Yuhsin},
  journal={Transportation Research Record: Journal of the Transportation Research Board},
  number={1887},
  pages={117--127},
  year={2004},
  publisher={Transportation Research Board of the National Academies}
}

@techreport{shaheen2010carsharing,
  title={Carsharing and public parking policies: assessing benefits, costs, and best practices in North America},
  author={Shaheen, Susan A and Rodier, Caroline and Murray, Gail and Cohen, Adam and Martin, Elliot},
  year={2010}
}

@article{martin2011impact,
  title={The impact of carsharing on public transit and non-motorized travel: an exploration of North American carsharing survey data},
  author={Martin, Elliot and Shaheen, Susan},
  journal={Energies},
  volume={4},
  number={11},
  pages={2094--2114},
  year={2011},
  publisher={Molecular Diversity Preservation International}
}

% @article{kopp2015sharing,
%   title={Do sharing people behave differently? An empirical evaluation of the distinctive mobility patterns of free-floating car-sharing members},
%   author={Kopp, Johanna and Gerike, Regine and Axhausen, Kay W},
%   journal={Transportation},
%   volume={42},
%   number={3},
%   pages={449--469},
%   year={2015},
%   publisher={Springer}
% }

@article{rooke2018caracterizacao,
  author = {Felipe Rooke and Victor Aquiles and Alex Borges Vieira and Douglas do Couto Teixeira and Jussara M. Almeida and Idilio Drago},
  title = {Caracteriza\c{c}\~ao de Padr\~oes de Demanda e Uso de um Sistema de Compartilhamento de Ve\'{\i}culos de Duas Vias},
  journal = {Workshop de Computa\c{c}\~ao Urbana COURB-SBRC},
  volume = {2},
  number = {1/2018},
  year = {2018},
  keywords = {},
  issn = {2595-2706},
  url = {http://portaldeconteudo.sbc.org.br/index.php/courb/article/view/2341}
}

@article{coccaopt,
title = "Free floating electric car sharing design: Data driven optimisation",
journal = "Pervasive and Mobile Computing",
volume = "55",
pages = "59 - 75",
year = "2019",
issn = "1574-1192",
doi = "10.1016/j.pmcj.2019.02.007",
url = "http://www.sciencedirect.com/science/article/pii/S1574119218305170",
author = "Michele Cocca and Danilo Giordano and Marco Mellia and Luca Vassio",
keywords = "Car sharing, Electric vehicle, Data driven optimisation, Charging station placement, Free floating"
}

@ARTICLE{coccacar,
author={M. {Cocca} and D. {Giordano} and M. {Mellia} and L. {Vassio}},
journal={IEEE Transactions on Intelligent Transportation Systems},
title={Free Floating Electric Car Sharing: A Data Driven Approach for System Design},
year={2019},
volume={},
number={},
pages={1-13},
keywords={Car sharing;electric vehicle;data driven optimization;charging station;free floating.},
doi={10.1109/TITS.2019.2932809}
}

%% CHAP5 4CITIES
% @misc{car2goAPI,
%   title = {car2go API},
%   howpublished = {\url{https://github.com/car2go/openAPI}},
%   note = {Accessed: 10/03/2017}
% }

% @inproceedings{Herrmann2014,
%   title={Increasing acceptance of free-floating car sharing systems using smart relocation strategies: a survey based study of car2go Hamburg},
%   author={Herrmann, Sascha and Schulte, Frederik and Vo{\ss}, Stefan},
%   booktitle={International Conference on Computational Logistics},
%   pages={151--162},
%   year={2014},
%   organization={Springer}
% }

% @article{Schulte2015,
%   title={Decision support for environmental-friendly vehicle relocations in free-floating car sharing systems: The case of car2go},
%   author={Schulte, Frederik and Vo{\ss}, Stefan},
%   journal={Procedia CIRP},
%   volume={30},
%   pages={275--280},
%   year={2015},
%   publisher={Elsevier}
% }

@inproceedings{Wagner2015, 
 author={S. Wagner and T. Brandt and D. Neumann}, 
 booktitle={2015 48th Hawaii International Conference on System Sciences}, 
 title={Data Analytics in Free-Floating Carsharing: Evidence from the City of {B}erlin}, 
 year={2015}, 
 pages={897-907}, 
 keywords={data analysis;geographic information systems;traffic engineering computing;City of  Berlin;data analytics;free-floating car sharing;geographically weighted regression;global  market;public transport;vehicle ownership;zero-inflated regression;Biological system  modeling;Business;Cities and towns;Data models;Face;Vehicles;Carsharing;Data analysis;Decision  Support;Location-based services;Visualization}, 
 doi={10.1109/HICSS.2015.112}, 
 ISSN={1530-1605}, 
}

@article{Schmoller2015,
 title = {Empirical analysis of free-floating carsharing usage: The {M}unich and {B}erlin case},
 journal = {Transportation Research Part C: Emerging Technologies},
 volume = {56},
 number = "",
 pages = {34 - 51},
 year = {2015},
 author = {Stefan Schmöller and Simone Weikl and Johannes Möller and Klaus Bogenberger},
}

% @article{Kopp2015,
% title = {Do sharing people behave differently? An empirical evaluation of the distinctive mobility patterns of free-floating car-sharing members},
% author = {Kopp, Johanna and Gerike, Regine and Axhausen, Kay},
% year = {2015},
% journal = {Transportation},
% volume = {42},
% number = {3},
% pages = {449-469},
% keywords = {Free-floating car-sharing; DriveNow; Travel behaviour; Modal split; Multimodality; GPS tracking},
% url = {http://EconPapers.repec.org/RePEc:kap:transp:v:42:y:2015:i:3:p:449-469},
% publisher = {Springer}
% }

@article{Firnkorn2011,
title = {What will be the environmental effects of new free-floating car-sharing systems? The case of car2go in {U}lm},
journal = {Ecological Economics},
volume = {70},
number = {8},
pages = {1519--1528},
year = {2011},
issn = {0921-8009},
doi = {http://dx.doi.org/10.1016/j.ecolecon.2011.03.014},
author = {J\"{o}rg Firnkorn and Martin M\"{u}ller},
keywords = {Car-sharing,Environmental effect,Free-floating system,Public-private transportation",Product-service system}
}

% @article{Firnkorn2012,
% title = {Triangulation of two methods measuring the impacts of a free-floating carsharing system in Germany},
% journal = {Transportation Research Part A: Policy and Practice},
% volume = {46},
% number = {10},
% pages = {1654 - 1672},
% year = {2012},
% note = "",
% issn = {0965-8564},
% doi = {http://dx.doi.org/10.1016/j.tra.2012.08.003},
% url = {http://www.sciencedirect.com/science/article/pii/S0965856412001334},
% author = {Jörg Firnkorn},
% keywords = {Triangulation, Impact measurement, Free-floating carsharing system, Empirical study, Modal split, car2go}
% }

% @inproceedings{UMAP,
% title = {{UMAP}: Urban Mobility Analysis Platform to Harvest Car Sharing Data},
% author = {Alessandro Ciociola and Michele Cocca and Danilo Giordano and Marco Mellia and Andrea Morichetta and Andrian Putina and Flavia Salutari},
% booktitle={Proocedings of the IEEE SCI 2017: IEEE Smart City Innovations},
% year={2017},
% }

% @techreport{Wang2017,
%   title={Complement or Competitior? Comparing car2go and Transit Travel Times, Prices, and Usage Patterns in Seattle},
%   author={X. Wang and D. MacKenzie and Z. Cui},
%   year={2017}
% }

% @article{Kortum2016,
%   title={Free-Floating Carsharing: City-Specific Growth Rates and Success Factors},
%   author={K. Kortum and R. Schönduwe, B. Stolte and B. Bock},
%   journal={Transportation Research Procedia},
%   volume={19},
%   pages={328--340},
%   year={2016},
%   publisher={Elsevier}
% }

% @article{Tyndall2016,
%   title={Where No Cars Go: Free-Floating Carshare and Inequality of Access},
%   author={J. Tyndall},
%   journal={International Journal of Sustainable Transportation},
%   number={just-accepted},
%   year={2016},
%   publisher={Taylor \& Francis}
% }

% @article{Ciari2013,
%   title={Estimation of carsharing demand using an activity-based microsimulation approach: model discussion and some results},
%   author={F. Ciari and N. Schuessler and K. W. Axhausen},
%   journal={International Journal of Sustainable Transportation},
%   volume={7},
%   number={1},
%   pages={70--84},
%   year={2013},
%   publisher={Taylor \& Francis}
% }

% @article{Ferrero2016,
%   title={Business models and tariff simulation in car-sharing services},
%   author={F. Ferrero and G. Perboli and S. Musso and A. G. A. Vesco},
%   year={2016},
%   publisher={Politecnico di Torino}
% }


@article{FM15,
  title = {Free-floating electric carsharing-fleets in smart cities: The dawning of a post-private car era in urban environments?},
  journal = {Environmental Science \& Policy},
  volume = {45},
  pages = {30 - 40},
  year = {2015},
  issn = {1462-9011},
  doi = {https://doi.org/10.1016/j.envsci.2014.09.005},
  author = {Jorg Firnkorn and Martin Muller},
  keywords = {Carsharing, Electric car, Randomised controlled trial, Private car reduction, , Policy implication}
}

@article{WB15,
  title = {A practice-ready relocation model for free-floating carsharing systems with electric vehicles – Mesoscopic approach and field trial results},
  journal = {Transportation Research Part C: Emerging Technologies},
  volume = {57},
  pages = {206 - 223},
  year = {2015},
  issn = {0968-090X},
  doi = {https://doi.org/10.1016/j.trc.2015.06.024},
  author = {Simone Weikl and Klaus Bogenberger},
  keywords = {Carsharing, Vehicle imbalance, Relocation, Real world field test}
}

@article{EvaluatingCarsharingBenefits,
  title = {Evaluating Carsharing Benefits},
  journal = {GeoJournal},
  volume = {1702},
  author = {Todd Alexander Litman},
  year = {2015},
}

@inproceedings{plugPowers, 
  author={Maria Carmen Falvo and Danilo Sbordone and Safak Bayram and Michael Devetsikiotis}, 
  booktitle={2014 Symposium on Power Electronics, Electrical Drives, Automation and Motion}, 
  title={{EV} charging stations and modes: International standards}, 
  year={2014}, 
  keywords={Batteries, Standards, Charging stations, Europe, Connectors, Vehicles}, 
  doi={10.1109/SPEEDAM.2014.6872107}, 
}

@article{EVbenefits,
  title = {Emissions Impacts and Benefits of Plug-In Hybrid Electric Vehicles and Vehicle-to-Grid Services},
  journal = {Environ. Sci. Technol},
  volume = {43},
  number = {4},
  pages = {1199–1204},
  year = {2009},
  doi = {10.1021/es802324j},
  url = {http://pubs.acs.org/doi/abs/10.1021/es802324j},
  author = {Ramteen Sioshansi, Paul Denholm},
  keywords = {Carsharing, Vehicle imbalance, Relocation, Real world field test}
}

@inproceedings{Car2GoGlobalAnalysis,
  title = {Comparison of free-floating car sharing services in cities},
  booktitle = {European Council of Energy Efficient Economy  Summer Study},
  pages = {771-778},
  year = {2016},
  author = {Shiva Habibi and Frances Sprei and Cristofer Englundn and Stefan Pettersson and Alex Voronov and Johan Wedlin and Henrik Engdahl}
}

@article{CSandSocial,
  title = {Free-Floating Carsharing: City-Specific Growth Rates and Success Factors},
  journal = {Transportation Research Procedia},
  volume = {19},
  pages = {328-340},
  year = {2016},
  author = {Katherine Kortum and Robert Schönduwe and Benjamin Stolte and Benno Bockb},
}

@inproceedings{ChargingStationForVehicularNetworks,
 author = {Hess, Andrea and Malandrino, Francesco and Reinhardt, Moritz Bastian and Casetti, Claudio and Hummel, Karin Anna and Barcel\'{o}-Ordinas, Jose M.},
 title = {Optimal Deployment of Charging Stations for Electric Vehicular Networks},
 booktitle = {Proceedings of the First Workshop on Urban Networking},
 year = {2012},
 isbn = {978-1-4503-1781-8},
 location = {Nice, France},
 pages = {1--6},
 numpages = {6},
} 

@inproceedings{placementAustin,
  author = {Chen, T.D. and Kockelman, K.M. and Khan, M},
  title = {The electric vehicle charging station location problem: A parking-based assignment method for Seattle},
  booktitle = {92nd Transportation Research Board  Meeting},
  year = {2013},
  pages = {13-1254},

}

@inproceedings{PlacementAndPowergrid,
  author={P. Phonrattanasak and N. Leeprechanon}, 
  booktitle={2014  Conference and Utility Exhibition on Green Energy for Sustainable Development (ICUE)}, 
  title={Optimal placement of EV fast charging stations considering the impact on electrical distribution and traffic condition}, 
  year={2014}, 
  volume={}, 
  number={},  
  doi={}, 
  ISSN={}, 
  }

@inproceedings{mipCSPpechino,
  author = {Zihao Jiao and Lun Ran and Jing Chen and Hui Meng and Chong Li},
  title = {Data-Driven Approach to Operation and Location Considering Range Anxiety of One-Way Electric Vehicles Sharing System},
  booktitle = {8th International Conference on Applied Energy},
  year = {2016},
}

@inproceedings{RangeAnxiety,
  author = {Jung, Malte F. and Sirkin, David and G\"{u}r, Turgut M. and Steinert, Martin},
  title = {Displayed Uncertainty Improves Driving Experience and Behavior: The Case of Range Anxiety in an Electric Car},
  booktitle = {Proceedings of the 33rd Annual ACM Conference on Human Factors in Computing Systems},
  year = {2015},
}

@article {FM12,
author = {Firnkorn, J\"{o}rg and M\"{u}ller, Martin},
title = {Selling Mobility instead of Cars: New Business Strategies of Automakers and the Impact on Private Vehicle Holding},
journal = {Business Strategy and the Environment},
volume = {21},
number = {4},
publisher = {John Wiley & Sons, Ltd},
issn = {1099-0836},
doi = {10.1002/bse.738},
pages = {264--280},
keywords = {urban mobility, environmental strategy, product–service system, automotive industry, empirical study, car-sharing, car2go, mobility on demand},
year = {2012},
}

@inproceedings{taormina,
  author = {Michele Cocca and Danilo Giordano and Luca Vassio and Marco Mellia},
  title = {Free Floating Electric Car Sharing in Smart Cities: Data Driven System Dimensioning},
  booktitle = {4th IEEE International Conference on Smart Computing},
  year = {2018},
}

@inproceedings{maui,
  author = {Michele Cocca and Danilo Giordano and Marco Mellia and Luca Vassio},
  title = {A Data Driven Optimization of Charging Station Placement for EV Free Floating Car Sharing},
  booktitle = {21st IEEE International Conference on Intelligent Transportation Systems},
  year = {2018},
}


% CHAP6_OPTIMIZATION

% @misc{car2goAPI,
%   title = {car2go API},
%   howpublished = {\url{https://github.com/car2go/openAPI}},
%   note = {Accessed: 10/03/2017}
% }

% @inproceedings{Herrmann2014,
%   title={Increasing acceptance of free-floating car sharing systems using smart relocation strategies: a survey based study of car2go Hamburg},
%   author={Herrmann, Sascha and Schulte, Frederik and Vo{\ss}, Stefan},
%   booktitle={International Conference on Computational Logistics},
%   pages={151--162},
%   year={2014},
%   organization={Springer}
% }

@inproceedings{bi2017simulation,
  title={A simulation-based heuristic for city-scale electric vehicle charging station placement},
  author={Bi, Ran and Xiao, Jiajian and Pelzer, Dominik and Ciechanowicz, David and Eckhoff, David and Knoll, Alois},
  booktitle={Intelligent Transportation Systems (ITSC), 2017 IEEE 20th International Conference on},
  pages={1--7},
  year={2017},
}

 % @article{Schulte2015,
 %   title={Decision support for environmental-friendly vehicle relocations in free-floating car sharing systems: The case of car2go},
 %   author={Schulte, Frederik and Vo{\ss}, Stefan},
 %   journal={Procedia CIRP},
 %   volume={30},
 %   pages={275--280},
 %   year={2015},
 %   publisher={Elsevier}
 % }

 % @inproceedings{Wagner2015, 
 %    author={S. Wagner and T. Brandt and D. Neumann}, 
 %    booktitle={2015 48th Hawaii International Conference on System Sciences}, 
 %    title={Data Analytics in Free-Floating Carsharing: Evidence from the City of {B}erlin}, 
 %    year={2015}, 
 %    pages={897-907}, 
 % }

 % @article{Schmoller2015,
 %  title = {Empirical analysis of free-floating carsharing usage: The {M}unich and {B}erlin case},
 %  journal = {Transportation Research Part C: Emerging Technologies},
 %  volume = {56},
 %  number = "",
 %  pages = {34 - 51},
 %  year = {2015},
 %  author = {Stefan Schmöller and Simone Weikl and Johannes Möller and Klaus Bogenberger},
 % }

 % @article{Kopp2015,
 %   title = {Do sharing people behave differently? An empirical evaluation of the distinctive mobility patterns of free-floating car-sharing members},
 %   author = {Kopp, Johanna and Gerike, Regine and Axhausen, Kay},
 %   year = {2015},
 %   journal = {Transportation},
 %   volume = {42},
 %   number = {3},
 %   pages = {449-469},
 %   keywords = {Free-floating car-sharing; DriveNow; Travel behaviour; Modal split; Multimodality; GPS tracking},
 % }

 % @article{Firnkorn2011,
 %   author = {J\"{o}rg Firnkorn and Martin M\"{u}ller},
 %   title = {What will be the environmental effects of new free-floating car-sharing systems? The case of car2go in {U}lm},
 %   journal = {Ecological Economics},
 %   volume = {70},
 %   number = {8},
 %   pages = {1519--1528},
 %   year = {2011},
 %   keywords = {Car-sharing,Environmental effect,Free-floating system,Public-private transportation}
 % }

 % @article{Firnkorn2012,
 %   title = {Triangulation of two methods measuring the impacts of a free-floating carsharing system in Germany},
 %   journal = {Transportation Research Part A: Policy and Practice},
 %   volume = {46},
 %   number = {10},
 %   pages = {1654 - 1672},
 %   year = {2012},
 %   author = {Jörg Firnkorn},
 %   keywords = {Triangulation, Impact measurement, Free-floating carsharing system, Empirical study, Modal split, car2go}
 % }

 % @inproceedings{UMAP,
 %   title = {{UMAP}: Urban Mobility Analysis Platform to Harvest Car Sharing Data},
 %   author = {Alessandro Ciociola and Michele Cocca and Danilo Giordano and Marco Mellia and Andrea Morichetta and Andrian Putina and Flavia Salutari},
 %   booktitle={Proceedings of the IEEE Smart City Innovations 2017},
 %   year={2017},
 %  }

 @techreport{Wang2017,
   title={Complement or Competitor? Comparing car2go and Transit Travel Times, Prices, and Usage Patterns in Seattle},
   author={X. Wang and D. MacKenzie and Z. Cui},
   year={2017}
 }

 @article{Tyndall2016,
   title={Where No Cars Go: Free-Floating Carsharing and Inequality of Access},
   author={J. Tyndall},
   journal={International Journal of Sustainable Transportation},
   number={just-accepted},
   year={2016},
 }

 % @article{Ciari2013,
 %   title={Estimation of carsharing demand using an activity-based microsimulation approach: model discussion and some results},
 %   author={F. Ciari and N. Schuessler and K. W. Axhausen},
 %   journal={International Journal of Sustainable Transportation},
 %   volume={7},
 %   number={1},
 %   pages={70--84},
 %   year={2013},
 % }

 % @article{Ferrero2016,
 %   title={Business models and tariff simulation in car-sharing services},
 %   author={F. Ferrero and G. Perboli and S. Musso and A. G. A. Vesco},
 %   year={2016},
 %   publisher={Politecnico di Torino}
 % }

 % @article{FM15,
 %  title = {Free-floating electric carsharing-fleets in smart cities: The dawning of a post-private car era in urban environments?},
 %  journal = {Environmental Science \& Policy},
 %  volume = {45},
 %  pages = {30 - 40},
 %  year = {2015},
 %  author = {Jorg Firnkorn and Martin Muller},
 %  keywords = {Carsharing, Electric car, Randomised controlled trial, Private car reduction, , Policy implication}
 % }

 % @article{WB15,
 %  title = {A practice-ready relocation model for free-floating carsharing systems with electric vehicles – Mesoscopic approach and field trial results},
 %  journal = {Transportation Research Part C: Emerging Technologies},
 %  volume = {57},
 %  pages = {206 - 223},
 %  year = {2015},
 %  author = {Simone Weikl and Klaus Bogenberger},
 %  keywords = {Carsharing, Vehicle imbalance, Relocation, Real world field test}
 %  }

 @inproceedings{1_BrendelBrennecke_2015,
  author = {Brendel, Alfred and Tim Brennecke, Julian and Zapadka, Patryk and M Kolbe, Lutz},
  title = {A Decision Support System for Computation of Carsharing Pricing Areas and its Influence on Vehicle Distribution}
 }

 @inproceedings{2_FlathIlgWeinhardt_2012,
     author = {Flath, Christoph and Ilg, Jens and Weinhardt, Christof},
     title = {Decision Support for Electric Vehicle Charging},
     booktitle = {Proceedings of the 18th Americas Conference on Information Systems (AMCIS 2012), Seattle, Washington, USA, 9 - 12 August 2012. Association for Information Systems},
     year={2012}
 }

 @article{3_RickenbergGebhardtBreitner_2013,
   author = {Rickenberg, T.A.A. and Gebhardt, A and Breitner, M.H.},
   year = {2013},
   month = {01},
   title = {A decision support system for the optimization of car sharing stations},
   journal = {ECIS 2013 - Proceedings of the 21st European Conference on Information Systems}
 }

 @inproceedings{4_Eisel_2015,
   title={Applying Demand Response Programs for Electric Vehicle Fleets},
   author={Matthias Eisel and Bj{\"o}rn Hildebrandt and Lutz Kolbe and Johannes Schmidt},
   booktitle={AMCIS},
   year={2015}
 }

@inproceedings{5_SonnebergKune_2015,
 author = {Marc, Sonneberg and Kathrin, Kuehne and Michaelm Breitner},
 title = {A Decision Support System for the Optimization of Electric Car Sharing Stations},
 year = {2015}
 }

 @inproceedings{6_BrendelLichtenberg_2017,
  author = {Brendel, Alfred and Lichtenberg, Sascha and Nastjuk, Ilja and M Kolbe, Lutz},
  year = {2017},
  title = {Adapting Carsharing Vehicle Relocation Strategies for Shared Autonomous Electric Vehicle Services}
 }
 
 @inproceedings{7_BrendelRockenkamm_2015,
  title={Generating Rental Data for Car Sharing Relocation Simulations on the Example of Station-Based One-Way Car Sharing},
  author={Alfred Benedikt Brendel and Christian Rockenkamm and Lutz Maria Kolbe},
  booktitle={HICSS},
  year={2017}
}

 @inproceedings{8_Wagner2015DataAF,
   title={Data Analytics for Location-Based Services: Enabling User-Based Relocation of Carsharing Vehicles},
   author={Sebastian Wagner and Christoph Willing and Tobias Brandt and Dirk Neumann},
   booktitle={ICIS},
   year={2015}
 }

 % @article{EvaluatingCarsharingBenefits,
 %  title = {Evaluating Carsharing Benefits},
 %  journal = {GeoJournal},
 %  volume = {1702},
 %  author = {Todd Alexander Litman},
 %  year = {2015},
 % }

 % @inproceedings{plugPowers, 
 %  author={Maria Carmen Falvo and Danilo Sbordone and Safak Bayram and Michael Devetsikiotis}, 
 %  booktitle={2014 Symposium on Power Electronics, Electrical Drives, Automation and Motion}, 
 %  title={{EV} charging stations and modes: International standards}, 
 %  year={2014}, 
 %  keywords={Batteries, Standards, Charging stations, Europe, Connectors, Vehicles}, 
 % }

 % @article{EVbenefits,
 %  title = {Emissions Impacts and Benefits of Plug-In Hybrid Electric Vehicles and Vehicle-to-Grid Services},
 %  journal = {Environ. Sci. Technol},
 %  volume = {43},
 %  number = {4},
 %  pages = {1199–1204},
 %  year = {2009},
 %  author = {Ramteen Sioshansi, Paul Denholm},
 %  keywords = {Carsharing, Vehicle imbalance, Relocation, Real world field test}
 % }

 % @inproceedings{Car2GoGlobalAnalysis,
 %  title = {Comparison of free-floating car sharing services in cities},
 %  booktitle = {European Council of Energy Efficient Economy  Summer Study},
 %  pages = {771-778},
 %  year = {2016},
 %  author = {Shiva Habibi and Frances Sprei and Cristofer Englundn and Stefan Pettersson and Alex Voronov and Johan Wedlin and Henrik Engdahl}
 % }

 % @inproceedings{ChargingStationForVehicularNetworks,
 %  author = {Hess, Andrea and Malandrino, Francesco and Reinhardt, Moritz Bastian and Casetti, Claudio and Hummel, Karin Anna and Barcel\'{o}-Ordinas, Jose M.},
 %  title = {Optimal Deployment of Charging Stations for Electric Vehicular Networks},
 %  booktitle = {Proceedings of the First Workshop on Urban Networking},
 %  year = {2012},
 %  location = {Nice, France},
 %  pages = {1--6},
 % } 

 % @inproceedings{PlacementAndPowergrid,
 %  author={P. Phonrattanasak and N. Leeprechanon}, 
 %  booktitle={2014  Conference and Utility Exhibition on Green Energy for Sustainable Development (ICUE)}, 
 %  title={Optimal placement of EV fast charging stations considering the impact on electrical distribution and traffic condition}, 
 %  year={2014}, 
 %  volume={}, 
 %  number={},  
 % }

 % @inproceedings{mipCSPpechino,
 %  author = {Zihao Jiao and Lun Ran and Jing Chen and Hui Meng and Chong Li},
 %  title = {Data-Driven Approach to Operation and Location Considering Range Anxiety of One-Way Electric Vehicles Sharing System},
 %  booktitle = {8th International Conference on Applied Energy},
 %  year = {2016},
 % }

 % @inproceedings{RangeAnxiety,
 %  author = {Jung, Malte F. and Sirkin, David and G\"{u}r, Turgut M. and Steinert, Martin},
 %  title = {Displayed Uncertainty Improves Driving Experience and Behavior: The Case of Range Anxiety in an Electric Car},
 %  booktitle = {Proceedings of the 33rd Annual ACM Conference on Human Factors in Computing Systems},
 %  year = {2015}
 % }

 % @article {FM12,
 % author = {Firnkorn, J\"{o}rg and M\"{u}ller, Martin},
 % title = {Selling Mobility instead of Cars: New Business Strategies of Automakers and the Impact on Private Vehicle Holding},
 % journal = {Business Strategy and the Environment},
 % volume = {21},
 % number = {4},
 % publisher = {John Wiley & Sons, Ltd},
 % pages = {264--280},
 % keywords = {urban mobility, environmental strategy, product–service system, automotive industry, empirical study, car-sharing, car2go, mobility on demand},
 % year = {2012},
 % }

 % @inproceedings{taormina,
 %  author = {Michele Cocca and Danilo Giordano and Luca Vassio and Marco Mellia},
 %  title = {Free Floating Electric Car Sharing in Smart Cities: Data Driven System Dimensioning},
 %  booktitle = {4th IEEE International Conference on Smart Computing},
 %  year = {2018},
 % }

 % @inproceedings{maui, 
 % author={M. Cocca and D. Giordano and M. Mellia and L. Vassio}, 
 % booktitle={2018 21st International Conference on Intelligent Transportation Systems (ITSC)}, 
 % title={Data Driven Optimization of Charging Station Placement for EV Free Floating Car Sharing}, 
 % year={2018}, 
 % volume={}, 
 % number={}, 
 % pages={2490-2495}, 
 % keywords={Automobiles;Urban areas;Charging stations;Batteries;Cascading style sheets;State of charge;Plugs}, 
 % doi={10.1109/ITSC.2018.8569256}, 
 % ISSN={2153-0017}, 
 % month={Nov}
 % }

 %Paper su analisi carsharing da web mining di CAR2Go diverse citta
 % @article{Kortum2016,
 % title = "Free-Floating Carsharing: City-Specific Growth Rates and Success Factors",
 % journal = "Transportation Research Procedia",
 % volume = "19",
 % pages = "328 - 340",
 % year = "2016",
 % author = "Katherine Kortum and Robert Schönduwe and Benjamin Stolte and Benno Bock",
 % }


 % @inproceedings{placementAustin,
 %  author = {Chen, T.D. and Kockelman, K.M. and Khan, M},
 %  title = {The electric vehicle charging station location problem: A parking-based assignment method for Seattle},
 %  booktitle = {92nd Transportation Research Board  Meeting},
 %  year = {2013},
 %  pages = {13-1254}
 % }

 %Our dataset
 @misc{MicheleGithub,
     title = {{UMAP and electric car sharing simulator. Anonymized datasaset of 2 months of trips of car sharing users in the city of Turin}},
     howpublished = {\url{https://github.com/michelelt/sim3.0}},
 }

 %OPTIMIZATION EXPENSIVE REFERENCES
 @book{FP09,
  author = {Floudas, Christodoulos C. A. and Pardalos, P. M.},
  title = {Encyclopedia of Optimization},
  year = {2006},
  isbn = {0387336249},
  publisher = {Springer-Verlag},
 } 
 
 @book{GO89,
  author = {Goldberg, David E.},
  title = {Genetic Algorithms in Search, Optimization and Machine Learning},
  year = {1989},
  isbn = {0201157675},
  edition = {1st},
  publisher = {Addison-Wesley Longman Publishing},
 } 
 
 @book{RA09,
 title = "Engineering Optimization: Theory and Practice: Fourth Edition",
 author = "Rao, {Singiresu S.}",
 year = "2009",
 language = "English",
 isbn = "9780470183526",
 publisher = "John Wiley and Sons",
 }

 %COORDINATE DESCENT
 @article{CoordinateDescent,
  author = {Wright, Stephen J.},
  title = {Coordinate Descent Algorithms},
  journal = {Math. Program.},
  issue_date = {June 2015},
  volume = {151},
  number = {1},
  month = jun,
  year = {2015},
  issn = {0025-5610},
  pages = {3--34},
  numpages = {32},
  publisher = {Springer-Verlag New York, Inc.},
  address = {Secaucus, NJ, USA},
 } 

 % @article{flath2012decision,
 %   title={Decision support for electric vehicle charging},
 %   author={Flath, Christoph and Ilg, Jens and Weinhardt, Christof},
 %   year={2012}
 % }

 @techreport{USAInstallCost,
   title={Costs Associated With Non-Residential Electric Vehicle Supply Equipment: Factors to consider in the implementation of electric vehicle charging stations},
   author={M. Smith and J. Castellano},
   year={2015}
 }

 @article{MarcheInstallCost,
 title = "Urban public charging station locating method for electric vehicles based on land use approach",
 journal = "Journal of Transport Geography",
 volume = "74",
 pages = "173 - 180",
 year = "2019",
 author = "Csaba Csiszár and Bálint Csonka and Dávid Földes and Ervin Wirth and Tamás Lovas",
 }

 % 7 OPTIMIZATION

 @book{brockwell2016introduction,
  title={Introduction to time series and forecasting},
  author={Brockwell, Peter J and Davis, Richard A},
  year={2016},
  publisher={springer}
}

@article{7_currie2017,
Author = {Currie, Janet and Walker, Reed},
Title = {Traffic Congestion and Infant Health: Evidence from E-ZPass},
Journal = {American Economic Journal: Applied Economics},
Volume = {3},
Number = {1},
Year = {2011},
Month = {January},
Pages = {65-90},
}

@article{8_ZHANG2013307,
title = "Air pollution and health risks due to vehicle traffic",
journal = "Science of The Total Environment",
volume = "450-451",
pages = "307 - 316",
year = "2013",
issn = "0048-9697",
author = "Kai Zhang and Stuart Batterman",
}

@article{10_litman2001generated,
  title={Generated traffic: Implications for transport planning},
  author={Litman, Todd and Colman, Steven B},
  journal={ITE journal},
  volume={71},
  number={4},
  pages={38--46},
  year={2001},
  publisher={Citeseer}
}

@techreport{9_hartgen2009gridlock,
  title={Gridlock and growth: the effect of traffic congestion on regional economic performance},
  author={Hartgen, David T and Fields, M Gregory and Moore, Adrian T},
  year={2009},
  institution={Reason Foundation Los Angeles, CA}
}

@article{11_goodwin2004economic,
  title={The economic costs of road traffic congestion},
  author={Goodwin, Phil},
  year={2004},
  institution={UCL (University College London), The Rail Freight Group}
}


% @article{12_LitmanCSbenefits,
% author = {Todd Litman},
% title ={Evaluating Carsharing Benefits},
% journal = {Transportation Research Record},
% volume = {1702},
% number = {1},
% pages = {31-35},
% year = {2000},
% }

% @article{14_firnkorn2011will,
%   title={What will be the environmental effects of new free-floating car-sharing systems? The case of car2go in Ulm},
%   author={Firnkorn, J{\"o}rg and M{\"u}ller, Martin},
%   journal={Ecological Economics},
%   volume={70},
%   number={8},
%   pages={1519--1528},
%   year={2011},
%   publisher={Elsevier}
% }

% @article{14_firnkorn2012selling,
%   title={Selling mobility instead of cars: new business strategies of automakers and the impact on private vehicle holding},
%   author={Firnkorn, J{\"o}rg and M{\"u}ller, Martin},
%   journal={Business Strategy and the environment},
%   volume={21},
%   number={4},
%   pages={264--280},
%   year={2012},
%   publisher={Wiley Online Library}
% }

% @misc{car2goAPI,
%   title = {car2go API},
%   howpublished = {\url{https://github.com/car2go/openAPI}},
%   note = {Accessed: 10/11/2019}
% }


@misc{census,
  title = {Vancouver Census 2016},
  howpublished = {\url{https://opendata.vancouver.ca/explore/dataset/census-local-area-profiles-2016/information/}},
  note = {Accessed: 10/09/2019}
}

% @inproceedings{UMAP,
%     title = {{UMAP}: Urban Mobility Analysis Platform to Harvest Car Sharing Data},
%     author = {Alessandro Ciociola and Michele Cocca and Danilo Giordano and Marco Mellia and Andrea Morichetta and Andrian Putina and Flavia Salutari},
%     booktitle={Proocedings of IEEE Smart City Innovations},
%     year={2017},
%   }
  
@article{2_okutani1984dynamic,
  title={Dynamic prediction of traffic volume through Kalman filtering theory},
  author={Okutani, Iwao and Stephanedes, Yorgos J},
  journal={Transportation Research Part B: Methodological},
  volume={18},
  number={1},
  pages={1--11},
  year={1984},
  publisher={Elsevier}
}

@article{3_clark2003traffic,
  title={Traffic prediction using multivariate nonparametric regression},
  author={Clark, Stephen},
  journal={Journal of transportation engineering},
  volume={129},
  number={2},
  pages={161--168},
  year={2003},
  publisher={American Society of Civil Engineers}
}


% @article{13_firnkorn2012selling,
%   title={Selling mobility instead of cars: new business strategies of automakers and the impact on private vehicle holding},
%   author={Firnkorn, J{\"o}rg and M{\"u}ller, Martin},
%   journal={Business Strategy and the environment},
%   volume={21},
%   number={4},
%   pages={264--280},
%   year={2012},
%   publisher={Wiley Online Library}
% }

% @article{18_becker2017comparing,
%   title={Comparing car-sharing schemes in Switzerland: User groups and usage patterns},
%   author={Becker, Henrik and Ciari, Francesco and Axhausen, Kay W},
%   journal={Transportation Research Part A: Policy and Practice},
%   volume={97},
%   pages={17--29},
%   year={2017},
%   publisher={Elsevier}
% }


@article{17_ciari2016evaluating,
  title={Evaluating the influence of carsharing stations’ location on potential membership: a Swiss case study},
  author={Ciari, Francesco and Weis, Claude and Balac, Milos},
  journal={EURO Journal on Transportation and Logistics},
  volume={5},
  number={3},
  pages={345--369},
  year={2016},
  publisher={Springer}
}

@article{scikitlearn,
 title={Scikit-learn: Machine Learning in {P}ython},
 author={Pedregosa, F. and Varoquaux, G. and Gramfort, A. and Michel, V.
         and Thirion, B. and Grisel, O. and Blondel, M. and Prettenhofer, P.
         and Weiss, R. and Dubourg, V. and Vanderplas, J. and Passos, A. and
         Cournapeau, D. and Brucher, M. and Perrot, M. and Duchesnay, E.},
 journal={Journal of Machine Learning Research},
 volume={12},
 pages={2825--2830},
 year={2011}
}

@misc{chollet2015keras,
  title={Keras},
  author={Chollet, Fran\c{c}ois and others},
  year={2015},
  howpublished={\url{https://keras.io}},
}

% @article{ciari2013estimation,
%   title={Estimation of carsharing demand using an activity-based microsimulation approach: model discussion and some results},
%   author={Ciari, Francesco and Schuessler, Nadine and Axhausen, Kay W},
%   journal={International Journal of Sustainable Transportation},
%   volume={7},
%   number={1},
%   pages={70--84},
%   year={2013},
%   publisher={Taylor \& Francis}
% }

@article{catalano2008car,
  author = {Mario Catalano and Barbara Lo Casto and Marco Migliore},
  title = {Car sharing demand estimation and urban transport demand modelling using stated preference techniques},
  year = {2008},
  publisher = {EUT Edizioni Universit{\`a} di Trieste},
  journal = {European Transport},
  keywords = {Car sharing; Car pooling; Stated Preference; Random Utility Models; Sustainable transport systems; },
    issn = {1825-3997}, 
    volume={40},
    pages={33--50},
}

% @article{schmoller2015empirical,
%   title={Empirical analysis of free-floating carsharing usage: The Munich and Berlin case},
%   author={Schm{\"o}ller, Stefan and Weikl, Simone and M{\"u}ller, Johannes and Bogenberger, Klaus},
%   journal={Transportation Research Part C: Emerging Technologies},
%   volume={56},
%   pages={34--51},
%   year={2015},
%   publisher={Elsevier}
% }

@article{schmoller2014analyzing,
  title={Analyzing external factors on the spatial and temporal demand of car sharing systems},
  author={Schm{\"o}ller, Stefan and Bogenberger, Klaus},
  journal={Procedia-Social and Behavioral Sciences},
  volume={111},
  pages={8--17},
  year={2014},
  publisher={Elsevier}
}

@book{Bishop:2006,
 author = {Bishop, Christopher M.},
 title = {Pattern Recognition and Machine Learning (Information Science and Statistics)},
 year = {2006},
 isbn = {0387310738},
 publisher = {Springer-Verlag},
 address = {Berlin, Heidelberg},
} 

@book{jain1990art,
  title={The art of computer systems performance analysis: techniques for experimental design, measurement, simulation, and modeling},
  author={Jain, Raj},
  year={1990},
  publisher={John Wiley \& Sons}
}

% @article{coccaopt,
% title = "Free floating electric car sharing design: Data driven optimisation",
% journal = "Pervasive and Mobile Computing",
% volume = "55",
% pages = "59 - 75",
% year = "2019",
% issn = "1574-1192",
% doi = "10.1016/j.pmcj.2019.02.007",
% url = "http://www.sciencedirect.com/science/article/pii/S1574119218305170",
% author = "Michele Cocca and Danilo Giordano and Marco Mellia and Luca Vassio",
% keywords = "Car sharing, Electric vehicle, Data driven optimisation, Charging station placement, Free floating"
% }

% @ARTICLE{coccacar,
% author={M. {Cocca} and D. {Giordano} and M. {Mellia} and L. {Vassio}},
% journal={IEEE Transactions on Intelligent Transportation Systems},
% title={Free Floating Electric Car Sharing: A Data Driven Approach for System Design},
% year={2019},
% volume={},
% number={},
% pages={1-13},
% keywords={Car sharing;electric vehicle;data driven optimization;charging station;free floating.},
% doi={10.1109/TITS.2019.2932809}
% }

@article{VancouverCS,
title = "Characterizing client usage patterns and service demand for car-sharing systems",
journal = "Information Systems",
pages = "101448",
year = "2019",
issn = "0306-4379",
doi = "https://doi.org/10.1016/j.is.2019.101448",
url = "http://www.sciencedirect.com/science/article/pii/S0306437919305009",
author = "Victor A. Alencar and Felipe Rooke and Michele Cocca and Luca Vassio and Jussara Almeida and Alex Borges Vieira",
keywords = "Urban mobility, Car-sharing, Characterizing, Two-way, One-way, Free-floating",
}

@article{He:2019,
 author = {He, Suining and Shin, Kang G.},
 title = {Spatio-temporal Adaptive Pricing for Balancing Mobility-on-Demand Networks},
 journal = {ACM Trans. Intell. Syst. Technol.},
 issue_date = {August 2019},
 volume = {10},
 number = {4},
 year = {2019},
 issn = {2157-6904},
 pages = {39:1--39:28},
 articleno = {39},
 numpages = {28},
 url = {http://doi.acm.org/10.1145/3331450},
 doi = {10.1145/3331450},
 acmid = {3331450},
 publisher = {ACM},
 address = {New York, NY, USA},
 keywords = {Mobility-on-demand, adaptive pricing, deep learning, flow balancing, ride sharing, sharing economy, smart transportation, traffic prediction},
} 

@inproceedings{Hulot:2018,
 author = {Hulot, Pierre and Aloise, Daniel and Jena, Sanjay Dominik},
 title = {Towards Station-Level Demand Prediction for Effective Rebalancing in Bike-Sharing Systems},
 booktitle = {Proceedings of the 24th ACM SIGKDD International Conference on Knowledge Discovery \&\#38; Data Mining},
 series = {KDD '18},
 year = {2018},
 isbn = {978-1-4503-5552-0},
 location = {London, United Kingdom},
 pages = {378--386},
 numpages = {9},
 url = {http://doi.acm.org/10.1145/3219819.3219873},
 doi = {10.1145/3219819.3219873},
 acmid = {3219873},
 publisher = {ACM},
 address = {New York, NY, USA},
 keywords = {bike sharing systems, decision support, dimensionality reduction, station-level demand prediction, traffic modeling},
} 

@inproceedings{wang2017deepsd,
  title={DeepSD: supply-demand prediction for online car-hailing services using deep neural networks},
  author={Wang, Dong and Cao, Wei and Li, Jian and Ye, Jieping},
  booktitle={2017 IEEE 33rd International Conference on Data Engineering (ICDE)},
  pages={243--254},
  year={2017},
  organization={IEEE}
}


% CHAP7 PREDICTIONS
% @book{brockwell2016introduction,
%   title={Introduction to time series and forecasting},
%   author={Brockwell, Peter J and Davis, Richard A},
%   year={2016},
%   publisher={springer}
% }

% @article{7_currie2017,
% Author = {Currie, Janet and Walker, Reed},
% Title = {Traffic Congestion and Infant Health: Evidence from E-ZPass},
% Journal = {American Economic Journal: Applied Economics},
% Volume = {3},
% Number = {1},
% Year = {2011},
% Month = {January},
% Pages = {65-90},
% }

% @article{8_ZHANG2013307,
% title = "Air pollution and health risks due to vehicle traffic",
% journal = "Science of The Total Environment",
% volume = "450-451",
% pages = "307 - 316",
% year = "2013",
% issn = "0048-9697",
% author = "Kai Zhang and Stuart Batterman",
% }

% @article{10_litman2001generated,
%   title={Generated traffic: Implications for transport planning},
%   author={Litman, Todd and Colman, Steven B},
%   journal={ITE journal},
%   volume={71},
%   number={4},
%   pages={38--46},
%   year={2001},
%   publisher={Citeseer}
% }

% @techreport{9_hartgen2009gridlock,
%   title={Gridlock and growth: the effect of traffic congestion on regional economic performance},
%   author={Hartgen, David T and Fields, M Gregory and Moore, Adrian T},
%   year={2009},
%   institution={Reason Foundation Los Angeles, CA}
% }

% @article{11_goodwin2004economic,
%   title={The economic costs of road traffic congestion},
%   author={Goodwin, Phil},
%   year={2004},
%   institution={UCL (University College London), The Rail Freight Group}
% }


% @article{12_LitmanCSbenefits,
% author = {Todd Litman},
% title ={Evaluating Carsharing Benefits},
% journal = {Transportation Research Record},
% volume = {1702},
% number = {1},
% pages = {31-35},
% year = {2000},
% }

% @article{14_firnkorn2011will,
%   title={What will be the environmental effects of new free-floating car-sharing systems? The case of car2go in Ulm},
%   author={Firnkorn, J{\"o}rg and M{\"u}ller, Martin},
%   journal={Ecological Economics},
%   volume={70},
%   number={8},
%   pages={1519--1528},
%   year={2011},
%   publisher={Elsevier}
% }

% @article{14_firnkorn2012selling,
%   title={Selling mobility instead of cars: new business strategies of automakers and the impact on private vehicle holding},
%   author={Firnkorn, J{\"o}rg and M{\"u}ller, Martin},
%   journal={Business Strategy and the environment},
%   volume={21},
%   number={4},
%   pages={264--280},
%   year={2012},
%   publisher={Wiley Online Library}
% }

% @misc{car2goAPI,
%   title = {car2go API},
%   howpublished = {\url{https://github.com/car2go/openAPI}},
%   note = {Accessed: 10/11/2019}
% }


% @misc{census,
%   title = {Vancouver Census 2016},
%   howpublished = {\url{https://opendata.vancouver.ca/explore/dataset/census-local-area-profiles-2016/information/}},
%   note = {Accessed: 10/09/2019}
% }

% @inproceedings{UMAP,
%     title = {{UMAP}: Urban Mobility Analysis Platform to Harvest Car Sharing Data},
%     author = {Alessandro Ciociola and Michele Cocca and Danilo Giordano and Marco Mellia and Andrea Morichetta and Andrian Putina and Flavia Salutari},
%     booktitle={Proocedings of IEEE Smart City Innovations},
%     year={2017},
%   }
  
% @article{2_okutani1984dynamic,
%   title={Dynamic prediction of traffic volume through Kalman filtering theory},
%   author={Okutani, Iwao and Stephanedes, Yorgos J},
%   journal={Transportation Research Part B: Methodological},
%   volume={18},
%   number={1},
%   pages={1--11},
%   year={1984},
%   publisher={Elsevier}
}

% @article{3_clark2003traffic,
%   title={Traffic prediction using multivariate nonparametric regression},
%   author={Clark, Stephen},
%   journal={Journal of transportation engineering},
%   volume={129},
%   number={2},
%   pages={161--168},
%   year={2003},
%   publisher={American Society of Civil Engineers}
}


% @article{13_firnkorn2012selling,
%   title={Selling mobility instead of cars: new business strategies of automakers and the impact on private vehicle holding},
%   author={Firnkorn, J{\"o}rg and M{\"u}ller, Martin},
%   journal={Business Strategy and the environment},
%   volume={21},
%   number={4},
%   pages={264--280},
%   year={2012},
%   publisher={Wiley Online Library}
% }

% @article{18_becker2017comparing,
%   title={Comparing car-sharing schemes in Switzerland: User groups and usage patterns},
%   author={Becker, Henrik and Ciari, Francesco and Axhausen, Kay W},
%   journal={Transportation Research Part A: Policy and Practice},
%   volume={97},
%   pages={17--29},
%   year={2017},
%   publisher={Elsevier}
% }


% @article{17_ciari2016evaluating,
%   title={Evaluating the influence of carsharing stations’ location on potential membership: a Swiss case study},
%   author={Ciari, Francesco and Weis, Claude and Balac, Milos},
%   journal={EURO Journal on Transportation and Logistics},
%   volume={5},
%   number={3},
%   pages={345--369},
%   year={2016},
%   publisher={Springer}
% }

% @article{scikitlearn,
%  title={Scikit-learn: Machine Learning in {P}ython},
%  author={Pedregosa, F. and Varoquaux, G. and Gramfort, A. and Michel, V.
%          and Thirion, B. and Grisel, O. and Blondel, M. and Prettenhofer, P.
%          and Weiss, R. and Dubourg, V. and Vanderplas, J. and Passos, A. and
%          Cournapeau, D. and Brucher, M. and Perrot, M. and Duchesnay, E.},
%  journal={Journal of Machine Learning Research},
%  volume={12},
%  pages={2825--2830},
%  year={2011}
% }

% @misc{chollet2015keras,
%   title={Keras},
%   author={Chollet, Fran\c{c}ois and others},
%   year={2015},
%   howpublished={\url{https://keras.io}},
% }

% @article{ciari2013estimation,
%   title={Estimation of carsharing demand using an activity-based microsimulation approach: model discussion and some results},
%   author={Ciari, Francesco and Schuessler, Nadine and Axhausen, Kay W},
%   journal={International Journal of Sustainable Transportation},
%   volume={7},
%   number={1},
%   pages={70--84},
%   year={2013},
%   publisher={Taylor \& Francis}
% }

% @article{catalano2008car,
%   author = {Mario Catalano and Barbara Lo Casto and Marco Migliore},
%   title = {Car sharing demand estimation and urban transport demand modelling using stated preference techniques},
%   year = {2008},
%   publisher = {EUT Edizioni Universit{\`a} di Trieste},
%   journal = {European Transport},
%   keywords = {Car sharing; Car pooling; Stated Preference; Random Utility Models; Sustainable transport systems; },
%     issn = {1825-3997}, 
%     volume={40},
%     pages={33--50},
% }

% @article{schmoller2015empirical,
%   title={Empirical analysis of free-floating carsharing usage: The Munich and Berlin case},
%   author={Schm{\"o}ller, Stefan and Weikl, Simone and M{\"u}ller, Johannes and Bogenberger, Klaus},
%   journal={Transportation Research Part C: Emerging Technologies},
%   volume={56},
%   pages={34--51},
%   year={2015},
%   publisher={Elsevier}
% }

% @article{schmoller2014analyzing,
%   title={Analyzing external factors on the spatial and temporal demand of car sharing systems},
%   author={Schm{\"o}ller, Stefan and Bogenberger, Klaus},
%   journal={Procedia-Social and Behavioral Sciences},
%   volume={111},
%   pages={8--17},
%   year={2014},
%   publisher={Elsevier}
% }

% @book{Bishop:2006,
%  author = {Bishop, Christopher M.},
%  title = {Pattern Recognition and Machine Learning (Information Science and Statistics)},
%  year = {2006},
%  isbn = {0387310738},
%  publisher = {Springer-Verlag},
%  address = {Berlin, Heidelberg},
% } 

% @book{jain1990art,
%   title={The art of computer systems performance analysis: techniques for experimental design, measurement, simulation, and modeling},
%   author={Jain, Raj},
%   year={1990},
%   publisher={John Wiley \& Sons}
% }

% @article{coccaopt,
% title = "Free floating electric car sharing design: Data driven optimisation",
% journal = "Pervasive and Mobile Computing",
% volume = "55",
% pages = "59 - 75",
% year = "2019",
% issn = "1574-1192",
% doi = "10.1016/j.pmcj.2019.02.007",
% url = "http://www.sciencedirect.com/science/article/pii/S1574119218305170",
% author = "Michele Cocca and Danilo Giordano and Marco Mellia and Luca Vassio",
% keywords = "Car sharing, Electric vehicle, Data driven optimisation, Charging station placement, Free floating"
% }

% @ARTICLE{coccacar,
% author={M. {Cocca} and D. {Giordano} and M. {Mellia} and L. {Vassio}},
% journal={IEEE Transactions on Intelligent Transportation Systems},
% title={Free Floating Electric Car Sharing: A Data Driven Approach for System Design},
% year={2019},
% volume={},
% number={},
% pages={1-13},
% keywords={Car sharing;electric vehicle;data driven optimization;charging station;free floating.},
% doi={10.1109/TITS.2019.2932809}
% }

% @article{VancouverCS,
% title = "Characterizing client usage patterns and service demand for car-sharing systems",
% journal = "Information Systems",
% pages = "101448",
% year = "2019",
% issn = "0306-4379",
% doi = "https://doi.org/10.1016/j.is.2019.101448",
% url = "http://www.sciencedirect.com/science/article/pii/S0306437919305009",
% author = "Victor A. Alencar and Felipe Rooke and Michele Cocca and Luca Vassio and Jussara Almeida and Alex Borges Vieira",
% keywords = "Urban mobility, Car-sharing, Characterizing, Two-way, One-way, Free-floating",
% }

% @article{He:2019,
%  author = {He, Suining and Shin, Kang G.},
%  title = {Spatio-temporal Adaptive Pricing for Balancing Mobility-on-Demand Networks},
%  journal = {ACM Trans. Intell. Syst. Technol.},
%  issue_date = {August 2019},
%  volume = {10},
%  number = {4},
%  year = {2019},
%  issn = {2157-6904},
%  pages = {39:1--39:28},
%  articleno = {39},
%  numpages = {28},
%  url = {http://doi.acm.org/10.1145/3331450},
%  doi = {10.1145/3331450},
%  acmid = {3331450},
%  publisher = {ACM},
%  address = {New York, NY, USA},
%  keywords = {Mobility-on-demand, adaptive pricing, deep learning, flow balancing, ride sharing, sharing economy, smart transportation, traffic prediction},
% } 

% @inproceedings{Hulot:2018,
%  author = {Hulot, Pierre and Aloise, Daniel and Jena, Sanjay Dominik},
%  title = {Towards Station-Level Demand Prediction for Effective Rebalancing in Bike-Sharing Systems},
%  booktitle = {Proceedings of the 24th ACM SIGKDD International Conference on Knowledge Discovery \&\#38; Data Mining},
%  series = {KDD '18},
%  year = {2018},
%  isbn = {978-1-4503-5552-0},
%  location = {London, United Kingdom},
%  pages = {378--386},
%  numpages = {9},
%  url = {http://doi.acm.org/10.1145/3219819.3219873},
%  doi = {10.1145/3219819.3219873},
%  acmid = {3219873},
%  publisher = {ACM},
%  address = {New York, NY, USA},
%  keywords = {bike sharing systems, decision support, dimensionality reduction, station-level demand prediction, traffic modeling},
} 

% @inproceedings{wang2017deepsd,
%   title={DeepSD: supply-demand prediction for online car-hailing services using deep neural networks},
%   author={Wang, Dong and Cao, Wei and Li, Jian and Ye, Jieping},
%   booktitle={2017 IEEE 33rd International Conference on Data Engineering (ICDE)},
%   pages={243--254},
%   year={2017},
%   organization={IEEE}
% }


@article{0_tachet2017scaling,
  title={Scaling law of urban ride sharing},
  author={Tachet, Remi and Sagarra, Oleguer and Santi, Paolo and Resta, Giovanni and Szell, Michael and Strogatz, SH and Ratti, Carlo},
  journal={Scientific reports},
  volume={7},
  pages={42868},
  year={2017},
  publisher={Nature Publishing Group}
}

@article{1_litman2000evaluating,
  title={Evaluating carsharing benefits},
  author={Litman, Todd},
  journal={Transportation Research Record},
  volume={1702},
  number={1},
  pages={31--35},
  year={2000},
  publisher={SAGE Publications Sage CA: Los Angeles, CA}
}

@article{2_huwer2004public,
  title={Public transport and csar-sharing—benefits and effects of combined services},
  author={Huwer, Ulrike},
  journal={Transport Policy},
  volume={11},
  number={1},
  pages={77--87},
  year={2004},
  publisher={Elsevier}
}

@article{3_kent2014carsharing,
  title={Carsharing as active transport: What are the potential health benefits?},
  author={Kent, Jennifer L},
  journal={Journal of Transport \& Health},
  volume={1},
  number={1},
  pages={54--62},
  year={2014},
  publisher={Elsevier}
}

@article{4_bellos2017car,
  title={The car sharing economy: Interaction of business model choice and product line design},
  author={Bellos, Ioannis and Ferguson, Mark and Toktay, L Beril},
  journal={Manufacturing \& Service Operations Management},
  volume={19},
  number={2},
  pages={185--201},
  year={2017},
  publisher={INFORMS}
}

@article{5_he2017service,
  title={Service region design for urban electric vehicle sharing systems},
  author={He, Long and Mak, Ho-Yin and Rong, Ying and Shen, Zuo-Jun Max},
  journal={Manufacturing \& Service Operations Management},
  volume={19},
  number={2},
  pages={309--327},
  year={2017},
  publisher={INFORMS}
}

@incollection{6_brandstatter2016overview,
  title={Overview of optimization problems in electric car-sharing system design and management},
  author={Brandst{\"a}tter, Georg and Gambella, Claudio and Leitner, Markus and Malaguti, Enrico and Masini, Filippo and Puchinger, Jakob and Ruthmair, Mario and Vigo, Daniele},
  booktitle={Dynamic perspectives on managerial decision making},
  pages={441--471},
  year={2016},
  publisher={Springer}
}

@article{7_cocca2019free,
  title={Free floating electric car sharing design: Data driven optimisation},
  author={Cocca, Michele and Giordano, Danilo and Mellia, Marco and Vassio, Luca},
  journal={Pervasive and Mobile Computing},
  volume={55},
  pages={59--75},
  year={2019},
  publisher={Elsevier}
}

@article{8_cocca2019free,
  title={Free Floating Electric Car Sharing: A Data Driven Approach for System Design},
  author={Cocca, Michele and Giordano, Danilo and Mellia, Marco and Vassio, Luca},
  journal={IEEE Transactions on Intelligent Transportation Systems},
  volume={20},
  number={12},
  pages={4691--4703},
  year={2019},
  publisher={IEEE}
}

@article{11_nair2011fleet,
  title={Fleet management for vehicle sharing operations},
  author={Nair, Rahul and Miller-Hooks, Elise},
  journal={Transportation Science},
  volume={45},
  number={4},
  pages={524--540},
  year={2011},
  publisher={INFORMS}
}

@article{12_martin2011greenhouse,
  title={Greenhouse gas emission impacts of carsharing in North America},
  author={Martin, Elliot W and Shaheen, Susan A},
  journal={IEEE Transactions on intelligent transportation systems},
  volume={12},
  number={4},
  pages={1074--1086},
  year={2011},
  publisher={IEEE}
}

@article{13_ciari2008concepts,
  title={Concepts for a large scale car-sharing system: Modelling and evaluation with an agent-based approach},
  author={Ciari, Francesco and Balmer, Michael and Axhausen, Kay W},
  journal={Working Paper/IVT},
  volume={517},
  year={2008},
  publisher={IVT ETH Zurich},
}

@article{14_yoon2019carsharing,
  title={Carsharing demand estimation and fleet simulation with EV adoption},
  author={Yoon, Taekwan and Cherry, Christopher R and Ryerson, Megan S and Bell, John E},
  journal={Journal of Cleaner Production},
  volume={206},
  pages={1051--1058},
  year={2019},
  publisher={Elsevier}
}

@article{15_burghard2019wants,
  title={Who wants shared mobility? Lessons from early adopters and mainstream drivers on electric carsharing in Germany},
  author={Burghard, Uta and D{\"u}tschke, Elisabeth},
  journal={Transportation Research Part D: Transport and Environment},
  volume={71},
  pages={96--109},
  year={2019},
  publisher={Elsevier}
}

@article{16_xu2019fleet,
  title={Fleet sizing for one-way electric carsharing services considering dynamic vehicle relocation and nonlinear charging profile},
  author={Xu, Min and Meng, Qiang},
  journal={Transportation Research Part B: Methodological},
  volume={128},
  pages={23--49},
  year={2019},
  publisher={Elsevier}
}

@article{19_lemme2019optimization,
  title={Optimization model to assess electric vehicles as an alternative for fleet composition in station-based car sharing systems},
  author={Lemme, Rafael FF and Arruda, Edilson F and Bahiense, Laura},
  journal={Transportation Research Part D: Transport and Environment},
  volume={67},
  pages={173--196},
  year={2019},
  publisher={Elsevier}
}

@article{20_hua2019joint,
  title={Joint infrastructure planning and fleet management for one-way electric car sharing under time-varying uncertain demand},
  author={Hua, Yikang and Zhao, Dongfang and Wang, Xin and Li, Xiaopeng},
  journal={Transportation Research Part B: Methodological},
  volume={128},
  pages={185--206},
  year={2019},
  publisher={Elsevier}
}



@article{21_vasconcelos2017financial,
title = "Environmental and financial impacts of adopting alternative vehicle technologies and relocation strategies in station-based one-way carsharing: An application in the city of {L}isbon, {P}ortugal",
  author={Vasconcelos, Martinez and Correia, Guiames and Farias},
journal = "Transportation Research Part D: Transport and Environment",
volume = "57",
pages = "350 - 362",
year = "2017",
issn = "1361-9209",
publisher={Elsevier}
}


@article{22_li2016design,
  title={Design framework of large-scale one-way electric vehicle sharing systems: A continuum approximation model},
  author={Li, Xiaopeng and Ma, Jiaqi and Cui, Jianxun and Ghiasi, Amir and Zhou, Fang},
  journal={Transportation Research Part B: Methodological},
  volume={88},
  pages={21--45},
  year={2016},
  publisher={Elsevier}
}

@article{23_el2012evaluation,
  title={Evaluation of carsharing network’s growth strategies through discrete event simulation},
  author={El Fassi, Ahmed and Awasthi, Anjali and Viviani, Marco},
  journal={Expert Systems with Applications},
  volume={39},
  number={8},
  pages={6692--6705},
  year={2012},
  publisher={Elsevier}
}

@article{24_ciari2016modeling,
  title={Modeling carsharing with the agent-based simulation MATSim: State of the art, applications, and future developments},
  author={Ciari, Francesco and Balac, Milos and Axhausen, Kay W},
  journal={Transportation Research Record},
  volume={2564},
  number={1},
  pages={14--20},
  year={2016},
  publisher={SAGE Publications}
}


@article{coccaopt,
title = "Free floating electric car sharing design: Data driven optimisation",
author = "Michele Cocca and Danilo Giordano and Marco Mellia and Luca Vassio",
journal = "Pervasive and Mobile Computing",
volume = "55",
pages = "59 - 75",
year = "2019",
 publisher={Elsevier}
}

@article{SPREI2019,
title = "Free-floating car-sharing electrification and mode displacement: Travel time and usage patterns from 12 cities in Europe and the United States",
author = "Frances Sprei and Shiva Habibi and Cristofer Englund and Stefan Pettersson and Alex Voronov and Johan Wedlin",
journal = "Transportation Research Part D: Transport and Environment",
volume = "71",
pages = "127 - 140",
year = "2019",
publisher={Elsevier}
}

@article{Zheng:2014,
 title = {Urban Computing: Concepts, Methodologies, and Applications},
 author = {Zheng, Yu and Capra, Licia and Wolfson, Ouri and Yang, Hai},
 journal = {ACM Transaction on Intelligent System and Technology},
 volume = {5},
 number = {3},
 year = {2014},
 pages = {38:1--38:55},
 publisher = {ACM},
} 

@article{ZHOU2016203,
title = "A review of vehicle fuel consumption models to evaluate eco-driving and eco-routing",
author = "Min Zhou and Hui Jin and Wenshuo Wang",
journal = "Transportation Research Part D: Transport and Environment",
volume = "49",
pages = "203 - 218",
year = "2016",
 publisher={Elsevier}
}

@article{Kortum2016,
title = {Free-Floating Carsharing: City-Specific Growth Rates and Success Factors},
author = {Kortum, Katherine and Schönduwe, Robert and Stolte, Benjamin and Bock, Benno},
journal = {Transportation Research Procedia},
volume = {19},
pages = {328-340},
year = {2016},
 publisher={Elsevier}
}

@article{Shaheen2013,
title = {Carsharing and Personal Vehicle Services: Worldwide Market Developments and Emerging Trends},
author = { Susan A.   Shaheen  and  Adam P.   Cohen },
journal = {International Journal of Sustainable Transportation},
volume = {7},
number = {1},
pages = {5-34},
year  = {2013},
publisher = {Taylor & Francis},
}


@article{FERRERO2018,
title = "Car-sharing services: An annotated review",
author = "Francesco Ferrero and Guido Perboli and Mariangela Rosano and Andrea Vesco",
journal = "Sustainable Cities and Society",
volume = "37",
pages = "501 - 518",
year = "2018",
publisher={Elsevier}
}

@article{Nair:2011,
 title = {Fleet Management for Vehicle Sharing Operations},
 author = {Nair, Rahul and Miller-Hooks, Elise},
 journal = {Transportation Science},
 volume = {45},
 number = {4},
 year = {2011},
 pages = {524--540},
 publisher = {INFORMS},
} 

@article{ANGELOPOULOS2018,
title = "Incentivized vehicle relocation in vehicle sharing systems",
author = "Alexandros Angelopoulos and Damianos Gavalas and Charalampos Konstantopoulos and Damianos Kypriadis and Grammati Pantziou",
journal = "Transportation Research Part C: Emerging Technologies",
volume = "97",
pages = "175 - 193",
year = "2018",
publisher={Elsevier}
}


@article{CLEWLOW2016,
title = "Carsharing and sustainable travel behavior: Results from the San Francisco Bay Area",
author = "Regina R. Clewlow",
journal = "Transport Policy",
volume = "51",
pages = "158 - 164",
year = "2016",
publisher={Elsevier}
}

@article{ZHOU2017,
title = "Projected prevalence of car-sharing in four Asian-Pacific countries in 2030: What the experts think",
author = "Fan Zhou and Zuduo Zheng and Jake Whitehead and Robert Perrons and Lionel Page and Simon Washington",
journal = "Transportation Research Part C: Emerging Technologies",
volume = "84",
pages = "158 - 177",
year = "2017",
publisher={Elsevier}
}

@article{AMPUDIARENUNCIO2020102593,
title = "Understanding the spatial distribution of free-floating carsharing in cities: Analysis of the new Madrid experience through a web-based platform",
author = "Maria Ampudia-Renuncio and Bego<a Guirao and Rafael Molina-Sanchez and Cristina Engel de Alvarez",
journal = "Cities",
volume = "98",
pages = "102593",
year = "2020",
publisher={Elsevier}
}


@article{BECKER2017,
title = "Modeling free-floating car-sharing use in Switzerland: A spatial regression and conditional logit approach",
author = "Henrik Becker and Francesco Ciari and Kay W. Axhausen",
journal = "Transportation Research Part C: Emerging Technologies",
volume = "81",
pages = "286 - 299",
year = "2017",
publisher={Elsevier}
}

@article{coccacar,
title={Free Floating Electric Car Sharing: A Data Driven Approach for System Design},
author={M. {Cocca} and D. {Giordano} and M. {Mellia} and L. {Vassio}},
journal={Transactions on Intelligent Transportation Systems},
year={2019},
pages={1-13},
publisher={IEEE}
}

@article{VancouverCS,
title = "Characterizing client usage patterns and service demand for car-sharing systems",
author = "Victor A. Alencar and Felipe Rooke and Michele Cocca and Luca Vassio and Jussara Almeida and Alex Borges Vieira",
journal = "Information Systems",
pages = "101448",
year = "2019",
publisher={Elsevier}
}

@article{Cui2019TransSmartGrid,
  title={Electric Vehicle Charging Station Placement Method for Urban Areas}, 
  author={Q. {Cui} and Y. {Weng} and C. {Tan}},
  journal={Transactions on Smart Grid}, 
  year={2019},
  volume={10},
  number={6},
  pages={6552-6565},
  publisher={IEEE}
}
  
@article{hOU2019,
author={L. {Hou} and C. {Wang} and J. {Yan}},
journal={IEEE Transactions on Intelligent Transportation Systems},
title={Bidding for Preferred Timing: An Auction Design for Electric Vehicle Charging Station Scheduling},
year={2019},
pages={1-12},
 publisher={IEEE}
}

@article{BAPTISTA201428,
title = "Energy, Environmental and Mobility Impacts of Car-sharing Systems. Empirical Results from Lisbon, Portugal",
author = "Patracia Baptista and Sandra Melo and Catarina Rolim",
journal = "Procedia - Social and Behavioral Sciences",
volume = "111",
pages = "28 - 37",
year = "2014",
publisher={Elsevier}
}

@article{baptista2014energy,
  title={Energy, environmental and mobility impacts of car-sharing systems. Empirical results from Lisbon, Portugal},
  author={Baptista, Patr{\'\i}cia and Melo, Sandra and Rolim, Catarina},
  journal={Procedia-Social and Behavioral Sciences},
  volume={111},
  pages={28--37},
  year={2014},
  publisher={Elsevier}
}

@article{schmoller2015empirical,
  title={Empirical analysis of free-floating carsharing usage: The Munich and Berlin case},
  author={Schm{\"o}ller, Stefan and Weikl, Simone and M{\"u}ller, Johannes and Bogenberger, Klaus},
  journal={Transportation Research Part C: Emerging Technologies},
  volume={56},
  pages={34--51},
  year={2015},
  publisher={Elsevier}
}

@article{DELUCA201559,
title = "Modelling users’ behaviour in inter-urban carsharing program: A stated preference approach",
journal = "Transportation Research Part A: Policy and Practice",
volume = "71",
pages = "59 - 76",
year = "2015",
author = "Stefano de Luca and Roberta Di Pace",
publisher={Elsevier}
}

@article{TRENTINI2017594,
title = "Analyzing Carsharing “Public” (Scraped) Data to Study Urban Traffic Patterns",
author = "Andrea Trentini and Federico Losacco",
journal = "Procedia Environmental Sciences",
volume = "37",
pages = "594 - 603",
year = "2017",
publisher={Elsevier}
}

@article{Weikl2013, 
author={S. Weikl and K. Bogenberger}, 
journal={IEEE Intelligent Transportation Systems Magazine}, 
title={Relocation Strategies and Algorithms for Free-Floating Car Sharing Systems}, 
year={2013}, 
volume={5}, 
number={4}, 
pages={100-111}, 
publisher={IEEE}
}

@inproceedings{9_habibi2017comparison,
  title={Comparison of free-floating car sharing services in cities},
  author={Habibi, Shiva and Sprei, Frances and Englund, Cristofer and Pettersson, Stefan and Voronov, Alexey and Wedlin, Johan and Engdahl, Henrik},
  booktitle={Proceedings of the ECEEE Summer Study},
  year={2017}
}

@inproceedings{10_ciociola2017umap,
   title = {{UMAP}: Urban Mobility Analysis Platform to Harvest Car Sharing Data},
   author = {Alessandro Ciociola and Michele Cocca and Danilo Giordano and Marco Mellia and Andrea Morichetta and Andrian Putina and Flavia Salutari},
   booktitle={Proceedings of the IEEE Smart City Innovations},
   year={2017},
   organization={IEEE}
}

@inproceedings{Savaresi2015,
title={On the prediction of future vehicle locations in free-floating car sharing systems},
author={S. {Formentin} and A. G. {Bianchessi} and S. M. {Savaresi}},
booktitle={Proceedings of the IEEE Intelligent Vehicles Symposium},
year={2015},
organization={IEEE}
}

@inproceedings{Ratti2010,
title="Taxi-Aware Map: Identifying and Predicting Vacant Taxis in the City",
author="Phithakkitnukoon, Santi and Veloso, Marco and Bento, Carlos and Biderman, Assaf and Ratti, Carlo",
booktitle="Proceedings of the Ambient Intelligence",
year="2010",
publisher="Springer",
}

@inproceedings{INFOCOM2016,
author={C. {Boldrini} and R. {Bruno} and M. {Conti}},
booktitle={Proceedings of the IEEE Conference on Computer Communications Workshops},
title={Characterising demand and usage patterns in a large station-based car sharing system},
year={2016},
publisher="IEEE",
}

@inproceedings{2007ITSC, 
author={C. Morency and M. Trepanier and B. Agard and B. Martin and J. Quashie}, 
booktitle={Proceedings of the IEEE Intelligent Transportation Systems Conference}, 
title={Car sharing system: what transaction datasets reveal on users' behaviors}, 
year={2007}, 
publisher={Elsevier}
}

@inproceedings{INFOCOM2016125,
author={C. {Boldrini} and R. {Bruno} and M. {Conti}},
booktitle={Proceedings of the IEEE Conference on Computer Communications Workshops},
title={Characterising demand and usage patterns in a large station-based car sharing system},
year={2016},
publisher={IEEE}
}










@article{cox1966statistical,
  title={The statistical analysis of series of events},
  author={Cox, David Roxbee},
  journal={Monographs on Applied Probability and Statistics},
  year={1966},
  publisher={Chapman and Hall}
}


@article{kde_pois,
   title = {{The visualization and analysis of urban facility pois using network kernel density estimation constrained by multi-factors}},
   author={Yu, Wenhao AND Ai, Tinghua},
   ISSN = {1982-2170},
   language = {en},
   URL = {http://www.scielo.br/scielo.php?script=sci_arttext&pid=S1982-21702014000400902&nrm=iso},
   volume = {20},
   year = {2014},
   month = {12},
   pages = {902 - 926},
   publisher = {scielo},
   }
   
@inproceedings{poisson_inh,
 author = {Menon, Aditya Krishna and Lee, Young},
 title = {Predicting Short-Term Public Transport Demand via Inhomogeneous Poisson Processes},
 booktitle = {Proceedings of the 2017 ACM on Conference on Information and Knowledge Management},
 year = {2017},
 isbn = {978-1-4503-4918-5},
 pages = {2207--2210},
 numpages = {4},
 doi = {10.1145/3132847.3133058},
 acmid = {3133058},
 keywords = {neural network, point process, urban mobility},
} 

@inproceedings{kde_spatial,
    author = {García, Raúl Tomás and Lopez, Maria Francisca and Pérez Sánchez, Juan Carlos and Pérez Sánchez, Raúl},
    year = {2015},
    title = {The kernel density estimation for the visualization of spatial patterns in urban studies},
    booktitle = {15th International Multidisciplinary Scientific GeoConference SGEM 2015},
    doi = {10.5593/SGEM2015/B21/S8.111},
    pages = {867-874},
}

@inproceedings{ciociola2020,
  title={Impact of Charging Infrastructure and Policies on Electric Car Sharing Systems},
  author={Ciociola, Alessandro and Markudova, Dena and Vassio, Luca and Giordano, Danilo and Mellia, Marco and Meo, Michela},
   booktitle={Proceedings of the 23rd IEEE International Conference on Intelligent Transportation Systems},
   year={2020},
   organization={IEEE}
}

@article{Quattroruote,
title = {Mobilità alternativa Crack sharing},
author = {Mario Rossi},
journal={Quattroruote},
year={2017},
volume={746},
publisher={EditorialeDomus},
url= {http://shoped.it/shop/prodotto/quattroruote-ottobre-2017/}
}

@electronic{UNfuture,
author = {{United Nations}},
title = {{Revision of World Urbanization Prospectsa}},
year = {2018},
howpublished = {\url{https://www.un.org/development/desa/publications/2018-revision-of-world-urbanization-prospects.html}},
note = {Accessed: 2020-07-09}
}

@electronic{25_ev_benefits,
  year={2009},
  author={Caryn Green},
  title={{Car-Sharing – Good for the Environment and the Budget}},
  howpublished={\url{http://www.blueplanetgreenliving.com/2009/09/16/car-sharing-good-for-the-environment-and-the-budget/}},
  note = {Accessed: 2020-07-09},
}

@electronic{leasingCost,
  author = {Mercedes-Benz},
  title = {Leasing cost},
  howpublished = {\url{https://mymobilitypass.mercedes-benz.it/offerte-noleggio-lungo-termine/smart-fortwo-eq-passion}},
  note = {Accessed: 2020-07-09},
  year = {2020}
}

@electronic{evInfrastructureCosts,
author = {Chris Nelder and Emily Rogers},
title = {{Reducing EV charging infrastructure costs}},
year = {2019},
howpublished = {\url{https://rmi.org/ev-charging-costs 
}},
note = {Accessed: 2020-07-09},
}

@electronic{soleCarSharing,
  title={Car sharing, in crescita +30\% all’anno fino al 2021},
  author={Pier Luigi del Viscovo},
  year={2019},
  howpublished={\url{https://www.ilsole24ore.com/art/car-sharing-crescita-30percento-all-anno-fino-2021-ACkAQgP}},
  note = {Accessed: 2020-07-09},
}

@electronic{eurostat,
  title={Electricity price statistics},
  Author={Eurostat},
  Year={2019},
  howpublished={\url{https://ec.europa.eu/eurostat/statistics-explained/index.php/Electricity_price_statistics}},
  note = {Accessed: 2020-07-09},
}

@electronic{cosapTurin,
author={{Comune di Torino}},
title = {{Ground occupation tax for the city of Turin}},
howpublished = {\url{http://www.comune.torino.it/cosap/}},
year={2020},
note = {Accessed: 2020-07-09},
}

@electronic{costo_lavoro,
author = {Infodata},
title = {{Il costo del lavoro divide in due l’Europa}},
year = {2019},
howpublished = {\url{https://www.infodata.ilsole24ore.com/2019/08/19/39139/}},
note = {Accessed: 2020-07-09}
}

@electronic{DoctorCarWash,
  title={{Doctor Car Wash Prices}},
  Year={2020},
  howpublished={\url{https://www.doctorcarwash.it/prezzi.html}},
  note = {Accessed: 2020-07-09},
}

@electronic{car2goPriceTurin,
  title={{Car2Go Prices in Turin}},
  Year={2020},
  howpublished={\url{https://www.car2go.com/IT/en/turin/costs/}},
  note = {Accessed: 2020-07-09},
}


@inproceedings{barulli2020scalability,
  title={On Scalability of Electric Car Sharing in Smart Cities},
  author={Barulli, Michelangelo and Ciociola, Alessandro and Cocca, Michele and Vassio, Luca and Giordano, Danilo and Mellia, Marco},
  booktitle={2020 IEEE International Smart Cities Conference (ISC2)},
  pages={1--8},
  organization={IEEE}
}
